%Building a UD for Hakha Chin

@article{simon2018ethnologue,
author = {Simons, Gary F and Fennig, Charles D. eds.},
title = {Ethnologue: Languages of the world},
journal = {Dallas, TX: SIL International. Available online at http://www.ethnologue.com. Retrieved August},
volume = {21},
year = {2018}
}

@inproceedings{rueter2018towards,
title = {Towards an open-source universal-dependency treebank for {E}rzya},
author = {Rueter, Jack and Tyers, Francis},
booktitle = {Proceedings of the Fourth International Workshop on Computational Linguistics of Uralic Languages},
pages = {106--118},
year = {2018}
} 

@inproceedings{gokirmak2017dependency,
title = {A dependency treebank for {K}urmanji {K}urdish},
author = {G{\"o}k{\i}rmak, Memduh and Tyers, Francis M},
booktitle = {Proceedings of the Fourth International Conference on Dependency Linguistics (Depling 2017)},
pages = {64--72},
year = {2017}
}

@article{zeman2017conll,
title = {Co{NLL} 2017 shared task: multilingual parsing from raw text to universal dependencies},
author = {Zeman, Daniel and Popel, Martin and Straka, Milan and Hajic, Jan and Nivre, Joakim and Ginter, Filip and Luotolahti, Juhani and Pyysalo, Sampo and Petrov, Slav and Potthast, Martin and others},
journal = {Proceedings of the CoNLL 2017 Shared Task: Multilingual Parsing from Raw Text to Universal Dependencies},
pages = {1--19},
year = {2017}
}

@inproceedings{tyers2017annotation,
title = {Annotation schemes in {N}orth {S}àmi dependency parsing},
author = {Tyers, Francis M and Sheyanova, Mariya},
booktitle = {Proceedings of the Third Workshop on Computational Linguistics for Uralic Languages},
pages = {66--75},
year = {2017}
}

@article{tyers2017ud,
title = {UD {A}nnotatrix: An annotation tool for universal dependencies},
author = {Tyers, Francis M and Sheyanova, Mariya and Washington, Jonathan North},
year = {2017}
}

@incollection{Peterson-2003,
address = {London},
author  = {Peterson, David A.},
booktitle = {The Sino-Tibetan languages},
editor = {Thurgood, Graham and LaPolla, Randy J.},
pages = {409-426},
publisher = {Routledge},
title = {Hakha {L}ai},
year = {2003},
}

@inproceedings{peterson2004high,
title = {High and low applicatives: Evidence from Lai},
author = {Peterson, David A},
booktitle = {Annual Meeting of the Berkeley Linguistics Society},
volume = {30},
number = {1},
pages = {353--364},
year = {2004}
}

@article{vanbik2006proto,
title = {Proto-{K}uki-{C}hin},
author = {VanBik, Kenneth},
year = {2006}
}

@article{petrov2011universal,
title = {A universal part-of-speech tagset},
author = {Petrov, Slav and Das, Dipanjan and McDonald, Ryan},
journal = {arXiv preprint arXiv:1104.2086},
year = {2011}
}

@article{king2011voice,
title = {Voice and valence-altering operations in Falam Chin: A Role and Reference Grammar approach},
author = {King, Deborah},
year = {2011},
publisher = {Linguistics}
}

@manual{baci,
title = {Burmese American Community Institute},
author = {BACI},
note = {\url{https://thebaci.org}},
year = {2016 (accessed August 27, 2018)}
}

@misc{nivre2017universal,
title = {Universal Dependencies 2.0. LINDAT/CLARIN digital library at the Institute of Formal and Applied Linguistics, Charles University, Prague},
author = {Nivre, Joakim and Agi{\'c}, {\v{Z}}eljko and Ahrenberg, Lars and others},
year = {2017},
note = {\url{http://universaldependencies.org/#language-}}
}

@misc{commonvoice,
title = {Common {V}oice},
author = {Mozilla},
year = {Accessed August 30, 2018},
note = {\url{https://voice.mozilla.org/en}}
}

@misc{gerdes2012arborator,
title = {Arborator: {A} tool for collaborative dependency annotation},
author = {Gerdes, K},
year = {2012},
note = {\url{https://arborator.ilpga.fr}}
}

@inproceedings{gerdes2013collaborative,
title = {Collaborative dependency annotation},
author = {Gerdes, Kim},
booktitle = {Proceedings of the second international conference on dependency linguistics (DepLing 2013)},
pages = {88--97},
year = {2013}
}

@article{nivre2005dependency,
title = {Dependency grammar and dependency parsing},
author = {Nivre, Joakim},
journal = {MSI report},
volume = {5133},
number = {1959},
pages = {1--32},
year = {2005}
}

@inproceedings{Marcus:1994:PTA:1075812.1075835,
author = {Marcus, Mitchell and Kim, Grace and Marcinkiewicz, Mary Ann and MacIntyre, Robert and Bies, Ann and Ferguson, Mark and Katz, Karen and Schasberger, Britta},
title = {The Penn Treebank: Annotating Predicate Argument Structure},
booktitle = {Proceedings of the Workshop on Human Language Technology},
series = {HLT '94},
year = {1994},
isbn = {1-55860-357-3},
location = {Plainsboro, NJ},
pages = {114--119},
numpages = {6},
note = {\url{https://doi.org/10.3115/1075812.1075835}},
doi = {10.3115/1075812.1075835},
acmid = {1075835},
publisher = {Association for Computational Linguistics},
address = {Stroudsburg, PA, USA},
} 

@article{vanbik2002three,
title = {Three types of causative constructions in Hakha Lai},
author = {VanBik, Kenneth},
journal= {Linguistics of the Tibeto-Burman Area},
volume = {25},
number = {2},
pages = {99--122},
year = {2002}
}

@article{dryer2008word,
title = {Word order in {T}ibeto-{B}urman languages},
author = {Dryer, Matthew S and others},
journal = {Linguistics of the Tibeto-Burman Area},
volume = {31},
year = {2008},
publisher = {John Benjamins Publishing Company}
}

@misc{nivreetal,
title = {Universal {D}ependencies {T}utorial},
author = {Nivre, Joakim and Zeman, Daniel and Ginter, Filip and Tyers, Francis},
journal = {EACL},
year = {2017},
note = {\url{http://universaldependencies.org/eacl17tutorial/}}
}

@inproceedings{scannell2007crubadan,
title = {The {C}rúbadán {P}roject: {C}orpus building for under-resourced languages},
author = {Scannell, Kevin P},
booktitle = {Building and Exploring Web Corpora: Proceedings of the 3rd Web as Corpus Workshop},
volume = {4},
pages = {5--15},
year = {2007}
}


@article{kubler2009dependency,
title = {Dependency {P}arsing},
author = {Kübler, Sandra and McDonald, Ryan and Nivre, Joakim},
journal = {Synthesis Lectures on Human Language Technologies},
volume = {1},
number = {1},
pages = {1--127},
year = {2009},
publisher = {Morgan \& Claypool Publishers}
}

@inproceedings{seddah2016hard,
title = {Hard time parsing questions: {B}uilding a questionbank for {F}rench},
author = {Seddah, Djamé and Candito, Marie},
booktitle = {Tenth International Conference on Language Resources and Evaluation (LREC 2016)},
year = {2016}
}

@inproceedings{judge2006questionbank,
title = {Questionbank: Creating a corpus of parse-annotated questions},
author = {Judge, John and Cahill, Aoife and Van Genabith, Josef},
booktitle = {Proceedings of the 21st International Conference on Computational Linguistics and the 44th annual meeting of the Association for Computational Linguistics},
pages = {497--504},
year = {2006},
organization = {Association for Computational Linguistics}
}

@article{atserias2010active,
title = {Active learning for building a corpus of questions for parsing},
author = {Atserias, Jordi and Attardi, Giuseppe and Simi, Maria and Zaragoza, Hugo},
journal = {Corpus},
volume = {800},
number = {11.35},
pages = {9--080},
year = {2010},
publisher = {Citeseer}
}

@inproceedings{chen2017classifying,
title = {Classifying {L}anguages by {D}ependency {S}tructure. {T}ypologies of {D}elexicalized {U}niversal {D}ependency {T}reebanks},
author = {Chen, Xinying and Gerdes, Kim},
booktitle = {Proceedings of the Fourth International Conference on Dependency Linguistics (Depling 2017), September 18-20, 2017, Universit{\`a} di Pisa, Italy},
number = {139},
pages = {54--63},
year = {2017},
organization = {Link{\"o}ping University Electronic Press}
}

@inproceedings{alzetta2018universal,
title = {Universal Dependencies and Quantitative Typological Trends. A Case Study on Word Order.},
author = {Alzetta, Chiara and Dell'Orletta, Felice and Montemagni, Simonetta and Venturi, Giulia},
booktitle = {LREC},
year = {2018}
}

@article{patent1997lai,
title = {Lai verb lists},
author={Patent, Jason},
journal={Linguistics of the Tibeto-Burman Area},
volume={20},
pages={57--112},
year={1997}
}

@inproceedings{badmaeva2017dependency,
  title={A Dependency Treebank for Buryat.},
  author={Badmaeva, Elena and Tyers, Francis M},
  booktitle={TLT},
  pages={1--12},
  year={2017}
}

@inproceedings{heinecke2019development,
  title={Development of a Universal Dependencies treebank for Welsh},
  author={Heinecke, Johannes and Tyers, Francis M},
  booktitle={Proceedings of the Celtic Language Technology Workshop},
  pages={21--31},
  year={2019}
}

@inproceedings{tyers2017annotation,
  title={Annotation schemes in North S{\'a}mi dependency parsing},
  author={Tyers, Francis M and Sheyanova, Mariya},
  booktitle={Proceedings of the Third Workshop on Computational Linguistics for Uralic Languages},
  pages={66--75},
  year={2017}
}

@inproceedings{gokirmak2017dependency,
  title={A dependency treebank for kurmanji kurdish},
  author={G{\"o}k{\i}rmak, Memduh and Tyers, Francis M},
  booktitle={Proceedings of the Fourth International Conference on Dependency Linguistics (Depling 2017)},
  pages={64--72},
  year={2017}
}
